{
  "leader": "05057cam a2200613Ia 4500",
  "fields": [
    {
      "001": "ocm52418112\\"
    },
    {
      "003": "OCoLC"
    },
    {
      "005": "20220630130833.0"
    },
    {
      "008": "030606s2004\\\\\\\\inua\\\\\\\\\\\\\\\\\\\\101\\0\\eng\\\\"
    },
    {
      "010": {
        "ind1": "\\",
        "ind2": "\\",
        "subfields": [
          {
            "a": "  2003012815"
          }
        ]
      }
    },
    {
      "040": {
        "ind1": "\\",
        "ind2": "\\",
        "subfields": [
          {
            "a": "DLC"
          },
          {
            "b": "eng"
          },
          {
            "c": "DLC"
          },
          {
            "d": "YDX"
          },
          {
            "d": "PMC"
          },
          {
            "d": "YLS"
          },
          {
            "d": "BAKER"
          },
          {
            "d": "BTCTA"
          },
          {
            "d": "LVB"
          },
          {
            "d": "NLC"
          },
          {
            "d": "YDXCP"
          },
          {
            "d": "IG#"
          },
          {
            "d": "ISU"
          },
          {
            "d": "OCLCQ"
          },
          {
            "d": "CHRRO"
          },
          {
            "d": "DEBSZ"
          },
          {
            "d": "BDX"
          },
          {
            "d": "OCLCF"
          },
          {
            "d": "OCLCQ"
          },
          {
            "d": "UKM"
          },
          {
            "d": "OCLCO"
          },
          {
            "d": "OCLCQ"
          },
          {
            "d": "EUW"
          },
          {
            "d": "OCLCO"
          },
          {
            "d": "OCL"
          },
          {
            "d": "OCLCO"
          },
          {
            "d": "OCLCQ"
          },
          {
            "d": "UV1"
          },
          {
            "d": "WLU"
          },
          {
            "d": "VTU"
          },
          {
            "d": "OCLCQ"
          },
          {
            "d": "OCLCA"
          },
          {
            "d": "UKMGB"
          },
          {
            "d": "OCLCQ"
          },
          {
            "d": "UMK"
          },
          {
            "d": "OCLCO"
          },
          {
            "d": "NKM"
          },
          {
            "d": "OCLCO"
          }
        ]
      }
    },
    {
      "016": {
        "ind1": "\\",
        "ind2": "\\",
        "subfields": [
          {
            "a": "(AMICUS)000028346723"
          }
        ]
      }
    },
    {
      "016": {
        "ind1": "7",
        "ind2": "\\",
        "subfields": [
          {
            "a": "008507631"
          },
          {
            "2": "Uk"
          }
        ]
      }
    },
    {
      "019": {
        "ind1": "\\",
        "ind2": "\\",
        "subfields": [
          {
            "a": "52921749"
          },
          {
            "a": "718598086"
          },
          {
            "a": "1022617223"
          }
        ]
      }
    },
    {
      "020": {
        "ind1": "\\",
        "ind2": "\\",
        "subfields": [
          {
            "a": "0253343135"
          },
          {
            "q": "(cloth ;"
          },
          {
            "q": "alk. paper)"
          }
        ]
      }
    },
    {
      "020": {
        "ind1": "\\",
        "ind2": "\\",
        "subfields": [
          {
            "a": "9780253343130"
          },
          {
            "q": "(cloth ;"
          },
          {
            "q": "alk. paper)"
          }
        ]
      }
    },
    {
      "024": {
        "ind1": "8",
        "ind2": "\\",
        "subfields": [
          {
            "a": "99807620499"
          }
        ]
      }
    },
    {
      "035": {
        "ind1": "\\",
        "ind2": "\\",
        "subfields": [
          {
            "a": "(OCoLC)52418112"
          },
          {
            "z": "(OCoLC)52921749"
          },
          {
            "z": "(OCoLC)718598086"
          },
          {
            "z": "(OCoLC)1022617223"
          }
        ]
      }
    },
    {
      "042": {
        "ind1": "\\",
        "ind2": "\\",
        "subfields": [
          {
            "a": "pcc"
          }
        ]
      }
    },
    {
      "043": {
        "ind1": "\\",
        "ind2": "\\",
        "subfields": [
          {
            "a": "e-gx---"
          },
          {
            "a": "e-uk---"
          },
          {
            "a": "n------"
          }
        ]
      }
    },
    {
      "050": {
        "ind1": "0",
        "ind2": "0",
        "subfields": [
          {
            "a": "HV274"
          },
          {
            "b": ".P48 2004"
          }
        ]
      }
    },
    {
      "055": {
        "ind1": "0",
        "ind2": "1",
        "subfields": [
          {
            "a": "HV274"
          }
        ]
      }
    },
    {
      "072": {
        "ind1": "\\",
        "ind2": "7",
        "subfields": [
          {
            "a": "s1ht"
          },
          {
            "2": "rero"
          }
        ]
      }
    },
    {
      "082": {
        "ind1": "0",
        "ind2": "0",
        "subfields": [
          {
            "a": "361.74"
          },
          {
            "b": "PHI"
          }
        ]
      }
    },
    {
      "245": {
        "ind1": "0",
        "ind2": "0",
        "subfields": [
          {
            "a": "Philanthropy, patronage, and civil society :"
          },
          {
            "b": "experiences from Germany, Great Britain, and North America /"
          },
          {
            "c": "edited by Thomas Adam."
          }
        ]
      }
    },
    {
      "260": {
        "ind1": "\\",
        "ind2": "\\",
        "subfields": [
          {
            "a": "Bloomington :"
          },
          {
            "b": "Indiana University Press,"
          },
          {
            "c": "\u00a92004."
          }
        ]
      }
    },
    {
      "300": {
        "ind1": "\\",
        "ind2": "\\",
        "subfields": [
          {
            "a": "x, 228 pages :"
          },
          {
            "b": "illustrations ;"
          },
          {
            "c": "24 cm."
          }
        ]
      }
    },
    {
      "336": {
        "ind1": "\\",
        "ind2": "\\",
        "subfields": [
          {
            "a": "text"
          },
          {
            "b": "txt"
          },
          {
            "2": "rdacontent"
          }
        ]
      }
    },
    {
      "337": {
        "ind1": "\\",
        "ind2": "\\",
        "subfields": [
          {
            "a": "unmediated"
          },
          {
            "b": "n"
          },
          {
            "2": "rdamedia"
          }
        ]
      }
    },
    {
      "338": {
        "ind1": "\\",
        "ind2": "\\",
        "subfields": [
          {
            "a": "volume"
          },
          {
            "b": "nc"
          },
          {
            "2": "rdacarrier"
          }
        ]
      }
    },
    {
      "490": {
        "ind1": "1",
        "ind2": "\\",
        "subfields": [
          {
            "a": "Philanthropic and nonprofit studies"
          }
        ]
      }
    },
    {
      "500": {
        "ind1": "\\",
        "ind2": "\\",
        "subfields": [
          {
            "a": "Reworked papers of a conference held at the University of Toronto, May 2001."
          }
        ]
      }
    },
    {
      "500": {
        "ind1": "\\",
        "ind2": "\\",
        "subfields": [
          {
            "a": "Includes index."
          }
        ]
      }
    },
    {
      "505": {
        "ind1": "0",
        "ind2": "\\",
        "subfields": [
          {
            "a": "Philanthropy and the shaping of social distinctions in nineteenth-century U.S., Canadian, and German cities / Thomas Adam -- \"The glue of civil society\" : a comparative approach to art museum philanthropy at the turn of the twentieth century / Karsten Borgmann -- Self-help and philanthropy : the emergence of cooperatives in Britain, Germany, the United States, and Canada from mid-nineteenth to mid-twentieth century / Brett Fairbairn -- Patronage and the great institutions of the cities of the United States : questions and evidence, 1800-2000 / David C. Hammack -- Philanthropy and science in Wilhelmine Germany / Eckhardt Fuchs and Dieter Hoffmann -- The serious matter of true joy : music and cultural philanthropy in Leipzig, 1781-1933 / Margaret Eleanor Menninger -- Changing perceptions of philanthropy in the voluntary housing field in nineteenth- and early-twentieth-century London / Susannah Morris -- Rabbinic study, self-improvement, and philanthropy : gender and the refashioning of Jewish voluntary associations in Germany, 1750-1870 / Maria Benjamin Baader -- Ethnic difference and civic unity : a comparison of Jewish communal philanthropy in nineteenth-century German and U.S. cities / Tobias Brinkmann -- Bu\u0308rgerlichkeit, patronage, and communal liberalism in Germany, 1871-1914 / Simone La\u0308ssig."
          }
        ]
      }
    },
    {
      "520": {
        "ind1": "1",
        "ind2": "\\",
        "subfields": [
          {
            "a": "\"Philanthropy, Patronage, and Civil Society features a set of comparative case studies that challenge long-held and little-studied assumptions about the modern development of philanthropy and patronage over the course of the last three centuries. With a focus on the United States, Canada, Great Britain, and Germany, the essays reveal the important civic and cultural role played by philanthropy in the emergence of modern, industrialized societies. They show the extent to which civic institutions were dependent on private support and how the wealthy classes defined themselves through their philanthropic activities in a context that transcended national boundaries. The importance of transatlantic contacts, and the lessons learned by North American philanthropists who looked to Europe first while devising their own plans for private action, emerge as crucial to our understanding of modern philanthropy. Students and scholars of philanthropy, class and group identity, and transatlantic cultural relationships will welcome the scope and sophistication of the contributions.\"--BOOK JACKET."
          }
        ]
      }
    },
    {
      "504": {
        "ind1": "\\",
        "ind2": "\\",
        "subfields": [
          {
            "a": "Includes bibliographical references and index."
          }
        ]
      }
    },
    {
      "650": {
        "ind1": "\\",
        "ind2": "0",
        "subfields": [
          {
            "a": "Charities"
          },
          {
            "z": "Germany"
          },
          {
            "x": "History"
          },
          {
            "v": "Congresses."
          }
        ]
      }
    },
    {
      "650": {
        "ind1": "\\",
        "ind2": "0",
        "subfields": [
          {
            "a": "Charities"
          },
          {
            "z": "Great Britain"
          },
          {
            "x": "History"
          },
          {
            "v": "Congresses."
          }
        ]
      }
    },
    {
      "650": {
        "ind1": "\\",
        "ind2": "0",
        "subfields": [
          {
            "a": "Charities"
          },
          {
            "z": "North America"
          },
          {
            "x": "History"
          },
          {
            "v": "Congresses."
          }
        ]
      }
    },
    {
      "650": {
        "ind1": "\\",
        "ind2": "7",
        "subfields": [
          {
            "a": "Charities."
          },
          {
            "2": "fast"
          },
          {
            "0": "(OCoLC)fst00852404"
          }
        ]
      }
    },
    {
      "651": {
        "ind1": "\\",
        "ind2": "7",
        "subfields": [
          {
            "a": "Germany."
          },
          {
            "2": "fast"
          },
          {
            "0": "(OCoLC)fst01210272"
          }
        ]
      }
    },
    {
      "651": {
        "ind1": "\\",
        "ind2": "7",
        "subfields": [
          {
            "a": "Great Britain."
          },
          {
            "2": "fast"
          },
          {
            "0": "(OCoLC)fst01204623"
          }
        ]
      }
    },
    {
      "651": {
        "ind1": "\\",
        "ind2": "7",
        "subfields": [
          {
            "a": "North America."
          },
          {
            "2": "fast"
          },
          {
            "0": "(OCoLC)fst01242475"
          }
        ]
      }
    },
    {
      "655": {
        "ind1": "\\",
        "ind2": "7",
        "subfields": [
          {
            "a": "Conference papers and proceedings."
          },
          {
            "2": "fast"
          },
          {
            "0": "(OCoLC)fst01423772"
          }
        ]
      }
    },
    {
      "655": {
        "ind1": "\\",
        "ind2": "7",
        "subfields": [
          {
            "a": "History."
          },
          {
            "2": "fast"
          },
          {
            "0": "(OCoLC)fst01411628"
          }
        ]
      }
    },
    {
      "655": {
        "ind1": "\\",
        "ind2": "7",
        "subfields": [
          {
            "a": "Conference papers and proceedings."
          },
          {
            "2": "lcgft"
          }
        ]
      }
    },
    {
      "700": {
        "ind1": "1",
        "ind2": "\\",
        "subfields": [
          {
            "a": "Adam, Thomas,"
          },
          {
            "d": "1968-"
          }
        ]
      }
    },
    {
      "830": {
        "ind1": "\\",
        "ind2": "0",
        "subfields": [
          {
            "a": "Philanthropic and nonprofit studies."
          }
        ]
      }
    },
    {
      "856": {
        "ind1": "4",
        "ind2": "1",
        "subfields": [
          {
            "3": "Table of contents"
          },
          {
            "u": "http://catdir.loc.gov/catdir/toc/ecip045/2003012815.html"
          }
        ]
      }
    },
    {
      "856": {
        "ind1": "4",
        "ind2": "1",
        "subfields": [
          {
            "3": "Table of contents"
          },
          {
            "q": "text/html"
          },
          {
            "u": "http://swbplus.bsz-bw.de/bsz108001350inh.htm"
          }
        ]
      }
    },
    {
      "856": {
        "ind1": "4",
        "ind2": "2",
        "subfields": [
          {
            "3": "Book review (H-Net)"
          },
          {
            "u": "http://www.h-net.org/review/hrev-a0e9w4-aa"
          }
        ]
      }
    },
    {
      "994": {
        "ind1": "\\",
        "ind2": "\\",
        "subfields": [
          {
            "a": "Z0"
          },
          {
            "b": "NYRVC"
          }
        ]
      }
    },
    {
      "948": {
        "ind1": "\\",
        "ind2": "\\",
        "subfields": [
          {
            "h": "NO HOLDINGS IN NYRVC - 177 OTHER HOLDINGS"
          }
        ]
      }
    },
    {
      "999": {
        "ind1": "\\",
        "ind2": "\\",
        "subfields": [
          {
            "a": "00000000013875"
          }
        ]
      }
    }
  ]
}